<record><leader>00000cas a22000007a 4500</leader><controlfield tag="001">18716671</controlfield><controlfield tag="008">881107d19731979mduwr ne      0    0eng d</controlfield><datafield ind1=" " ind2=" " tag="010"><subfield code="a">sn 88065728 </subfield></datafield><datafield ind1=" " ind2=" " tag="040"><subfield code="a">MFN</subfield><subfield code="b">eng</subfield><subfield code="c">MFN</subfield><subfield code="d">OCL</subfield><subfield code="d">MFN</subfield><subfield code="d">DLC</subfield><subfield code="d">OCLCQ</subfield></datafield><datafield ind1=" " ind2=" " tag="012"><subfield code="b">3</subfield></datafield><datafield ind1=" " ind2=" " tag="019"><subfield code="a">20397933</subfield><subfield code="a">20397937</subfield></datafield><datafield ind1=" " ind2=" " tag="042"><subfield code="a">msc</subfield></datafield><datafield ind1="0" ind2=" " tag="130"><subfield code="a">Herald (Sykesville, Md.)</subfield></datafield><datafield ind1="1" ind2="4" tag="245"><subfield code="a">The herald.</subfield></datafield><datafield ind1="3" ind2="0" tag="246"><subfield code="a">Herald and Carroll record</subfield></datafield><datafield ind1="3" ind2="0" tag="246"><subfield code="a">Herald-record</subfield></datafield><datafield ind1=" " ind2=" " tag="260"><subfield code="a">Sykesville, Md. :</subfield><subfield code="b">[s.n.]</subfield></datafield><datafield ind1=" " ind2=" " tag="300"><subfield code="a">v.</subfield></datafield><datafield ind1=" " ind2=" " tag="310"><subfield code="a">Weekly</subfield></datafield><datafield ind1="0" ind2=" " tag="362"><subfield code="a">Vol. 59, no. 35 (Mar. 1, 1973)-v. 66, no. 11 (Sept. 5, 1979).</subfield></datafield><datafield ind1=" " ind2=" " tag="500"><subfield code="a">Published as: Herald and Carroll record, Feb. 2-Mar. 30, 1977; and as: Herald-record, Apr. 6, 1977-Apr. 19, 1978.</subfield></datafield><datafield ind1=" " ind2=" " tag="752"><subfield code="a">United States</subfield><subfield code="b">Maryland</subfield><subfield code="c">Carroll</subfield><subfield code="d">Sykesville.</subfield></datafield><datafield ind1="0" ind2="0" tag="780"><subfield code="t">Sykesville herald (Sykesville, Md. : 1931)</subfield><subfield code="w">(DLC)sn 88065727</subfield></datafield><datafield ind1="0" ind2="5" tag="780"><subfield code="t">Carroll record (Taneytown, Md.)</subfield><subfield code="w">(DLC)sn 89060013</subfield></datafield><datafield ind1="0" ind2="0" tag="785"><subfield code="t">South Carroll record</subfield><subfield code="w">(DLC)sn 88065729</subfield></datafield></record>